% Encoding: UTF-8

@inproceedings{blake2,
  title={{BLAKE}2: simpler, smaller, fast as {MD}5},
  author={Aumasson, Jean-Philippe and Neves, Samuel and Wilcox-Oâ€™Hearn, Zooko and Winnerlein, Christian},
  booktitle={International Conference on Applied Cryptography and Network Security},
  pages={119--135},
  year={2013},
  organization={Springer}
}

@article{ed25519,
  title={High-speed high-security signatures},
  author={Bernstein, Daniel J and Duif, Niels and Lange, Tanja and Schwabe, Peter and Yang, Bo-Yin},
  journal={Journal of Cryptographic Engineering},
  volume={2},
  number={2},
  pages={77--89},
  year={2012},
  publisher={Springer}
}

@inproceedings{hacl,
  title={{HACL}*: A verified modern cryptographic library},
  author={Zinzindohou{\'e}, Jean-Karim and Bhargavan, Karthikeyan and Protzenko, Jonathan and Beurdouche, Benjamin},
  booktitle={Proceedings of the 2017 ACM SIGSAC Conference on Computer and Communications Security},
  pages={1789--1806},
  year={2017},
  organization={ACM}
}

@article{fstar,
  title={Verified low-level programming embedded in {F}},
  author={Protzenko, Jonathan and Zinzindohou{\'e}, Jean-Karim and Rastogi, Aseem and Ramananandro, Tahina and Wang, Peng and Zanella-B{\'e}guelin, Santiago and Delignat-Lavaud, Antoine and Hri{\c{t}}cu, C{\u{a}}t{\u{a}}lin and Bhargavan, Karthikeyan and Fournet, C{\'e}dric and others},
  journal={Proceedings of the ACM on Programming Languages},
  volume={1},
  number={ICFP},
  pages={17},
  year={2017},
  publisher={ACM}
}

@inproceedings{proverif,
  title={Proving more observational equivalences with {P}ro{V}erif},
  author={Cheval, Vincent and Blanchet, Bruno},
  booktitle={International Conference on Principles of Security and Trust},
  pages={226--246},
  year={2013},
  organization={Springer}
}

@article{kremlin,
  title={Extracting from {F}* to {C}: a progress report},
  author={Wang, Peng and Bhargavan, Karthikeyan and Zinzindohou{\'e}, Jean-Karim and Anand, Abhishek and Fournet, C{\'e}dric and Parno, Bryan and Protzenko, Jonathan and Rastogi, Aseem and Swamy, Nikhil}
}

@misc{cryptpad,
	note = {\url{https://cryptpad.fr/what-is-cryptpad.html}},
	Institution = {{XWiki SAS}},
	Title = {{CryptPad: Zero Knowledge, Collaborative Real Time Editing}},
	Year = {2016}
}

@misc{webassembly,
	note = {\url{https://webassembly.github.io/spec/core/bikeshed/index.html}},
	Institution = {{WebAssembly Working Group}},
	Title = {{WebAssembly Core Specification}},
	Year = {2018}
}

@techreport{dolevyao,
  title={{D}olev-{Y}ao is no better than Machiavelli},
  author={Syverson, Paul and Meadows, Catherine and Cervesato, Iliano},
  year={2000},
  institution={Naval Research Lab, Washington DC Center for High Assurance Computing Systems}
}

@article{hashchain,
  title={Password authentication with insecure communication},
  author={Lamport, Leslie},
  journal={Communications of the ACM},
  volume={24},
  number={11},
  pages={770--772},
  year={1981},
  publisher={ACM}
}